<?xml version="1.0" encoding="UTF-8"?>
<OAI-PMH xmlns="http://www.openarchives.org/OAI/2.0/" xmlns:xsi="http://www.w3.org/2001/XMLSchema-instance" xsi:schemaLocation="http://www.openarchives.org/OAI/2.0/ http://www.openarchives.org/OAI/2.0/OAI-PMH.xsd">
<ListRecords>
<record>
<header status="updated">
<identifier>urm_publish:71296630240002121</identifier>
</header>
<metadata>
<record xmlns="http://www.loc.gov/MARC21/slim" xmlns:xsi="http://www.w3.org/2001/XMLSchema-instance" xsi:schemaLocation="http://www.loc.gov/MARC21/slim http://www.loc.gov/standards/marcxml/schema/MARC21slim.xsd" ><leader>00747mam a2200229 i 4500</leader><controlfield tag="005">19990604113142.0</controlfield><controlfield tag="008">920130m18151824stka          000 0 eng d</controlfield><controlfield tag="001">999674948602121</controlfield><datafield tag="035" ind1=" " ind2=" "><subfield code="a">(OCoLC)25192015</subfield></datafield><datafield tag="035" ind1=" " ind2=" "><subfield code="9">APM2735UW</subfield></datafield><datafield tag="035" ind1=" " ind2=" "><subfield code="a">(WU)2308445-uwmadisondb</subfield></datafield><datafield tag="040" ind1=" " ind2=" "><subfield code="a">GZM</subfield><subfield code="b">eng</subfield><subfield code="c">GZM</subfield></datafield><datafield tag="049" ind1=" " ind2=" "><subfield code="a">GZMA</subfield></datafield><datafield tag="050" ind1="0" ind2=" "><subfield code="a">AE5</subfield><subfield code="b">E354 Supp</subfield></datafield><datafield tag="245" ind1="0" ind2="0"><subfield code="a">Supplement to the fourth, fifth, and sixth editions.</subfield><subfield code="b">With preliminary dissertations on the history of sciences.</subfield></datafield><datafield tag="260" ind1=" " ind2=" "><subfield code="a">Edinburgh :</subfield><subfield code="b">A. Constable,</subfield><subfield code="c">1815-1824.</subfield></datafield><datafield tag="300" ind1=" " ind2=" "><subfield code="a">6 volumes in 7. :</subfield><subfield code="b">illustrations ;</subfield><subfield code="c">28 cm</subfield></datafield><datafield tag="336" ind1=" " ind2=" "><subfield code="a">text</subfield><subfield code="b">txt</subfield><subfield code="2">rdacontent</subfield></datafield><datafield tag="337" ind1=" " ind2=" "><subfield code="a">unmediated</subfield><subfield code="b">n</subfield><subfield code="2">rdamedia</subfield></datafield><datafield tag="338" ind1=" " ind2=" "><subfield code="a">volume</subfield><subfield code="b">nc</subfield><subfield code="2">rdacarrier</subfield></datafield><datafield tag="650" ind1=" " ind2="0"><subfield code="a">Encyclopedias and dictionaries.</subfield><subfield code="2">LCSH</subfield><subfield code="0">41-LIBRARY_OF_CONGRESS-sh 85042997</subfield><subfield code="9">Y</subfield></datafield><datafield tag="997" ind1=" " ind2=" "><subfield code="a">MARCIVE</subfield></datafield><datafield tag="650" ind1=" " ind2="0"><subfield code="a">Books of knowledge</subfield><subfield code="2">LCSH</subfield><subfield code="0">41-LIBRARY_OF_CONGRESS-sh 85042997</subfield><subfield code="9">N</subfield></datafield><datafield tag="650" ind1=" " ind2="0"><subfield code="a">Cyclopedias</subfield><subfield code="2">LCSH</subfield><subfield code="0">41-LIBRARY_OF_CONGRESS-sh 85042997</subfield><subfield code="9">N</subfield></datafield><datafield tag="650" ind1=" " ind2="0"><subfield code="a">Dictionaries</subfield><subfield code="2">LCSH</subfield><subfield code="0">41-LIBRARY_OF_CONGRESS-sh 85042997</subfield><subfield code="9">N</subfield></datafield><datafield tag="650" ind1=" " ind2="0"><subfield code="a">Encyclopedias and dictionaries, English</subfield><subfield code="2">LCSH</subfield><subfield code="0">41-LIBRARY_OF_CONGRESS-sh 85042997</subfield><subfield code="9">N</subfield></datafield><datafield tag="650" ind1=" " ind2="0"><subfield code="a">Knowledge, Books of</subfield><subfield code="2">LCSH</subfield><subfield code="0">41-LIBRARY_OF_CONGRESS-sh 85042997</subfield><subfield code="9">N</subfield></datafield><datafield tag="650" ind1=" " ind2="0"><subfield code="a">Subject dictionaries</subfield><subfield code="2">LCSH</subfield><subfield code="0">41-LIBRARY_OF_CONGRESS-sh 85042997</subfield><subfield code="9">N</subfield></datafield><datafield tag="650" ind1=" " ind2="0"><subfield code="w">g</subfield><subfield code="a">Reference books</subfield><subfield code="2">LCSH</subfield><subfield code="0">41-LIBRARY_OF_CONGRESS-sh 85042997</subfield><subfield code="9">R</subfield></datafield><datafield tag="INST" ind1=" " ind2=" "><subfield code="a">01UWI_NETWORK</subfield><subfield code="b">P</subfield><subfield code="c">71296630240002121</subfield></datafield><datafield tag="INST" ind1=" " ind2=" "><subfield code="a">01UWI_MAD</subfield><subfield code="b">P</subfield><subfield code="c">21557373860002122</subfield></datafield><datafield tag="AVA" ind1=" " ind2=" "><subfield code="0">9923084453602122</subfield><subfield code="8">22557373850002122</subfield><subfield code="a">01UWI_MAD</subfield><subfield code="b">MEMORIAL</subfield><subfield code="c">Reference Non-Current, Basement North</subfield><subfield code="d">AE5 .E354 Supp.</subfield><subfield code="e">available</subfield><subfield code="f">5</subfield><subfield code="g">0</subfield><subfield code="j">refnc</subfield><subfield code="k">0</subfield><subfield code="p">1</subfield><subfield code="q">Memorial Library</subfield><subfield code="t">v.1-v.6</subfield></datafield><datafield tag="AVA" ind1=" " ind2=" "><subfield code="0">9923084453602122</subfield><subfield code="8">22854728130002122</subfield><subfield code="a">01UWI_MAD</subfield><subfield code="b">REMOTE</subfield><subfield code="c">by request only</subfield><subfield code="d">AE5 .E354 Supp.</subfield><subfield code="e">available</subfield><subfield code="f">2</subfield><subfield code="g">0</subfield><subfield code="j">vsf</subfield><subfield code="k">0</subfield><subfield code="p">2</subfield><subfield code="q">Verona Shelving Facility</subfield><subfield code="t">v.1-v.6</subfield></datafield><datafield tag="MMS" ind1=" " ind2=" "><subfield code="b">999674948602121</subfield><subfield code="a">01UWI_NETWORK</subfield></datafield><datafield tag="MMS" ind1=" " ind2=" "><subfield code="b">9923084453602122</subfield><subfield code="a">01UWI_MAD</subfield></datafield><datafield tag="BBB" ind1="0" ind2="1"><subfield code="x">cmh</subfield><subfield code="8">22557373850002122</subfield><subfield code="A">01UWI_MAD</subfield></datafield><datafield tag="BBB" ind1="0" ind2="1"><subfield code="x">cmh</subfield><subfield code="8">22854728130002122</subfield><subfield code="A">01UWI_MAD</subfield></datafield></record>
</metadata>
</record>
</ListRecords>
</OAI-PMH>